@misc{MarkerClusterer,
    author = {},
    title = {{MarkerClusterer for Google Maps v3}},
    howpublished = {\url{http://google-maps-utility-library-v3.googlecode.com/svn/trunk/markerclusterer/docs/reference.html}},
    year = {2010},
    note = {Last accessed on 2013-09-19}
}

@misc{Bootstrap,
	author= {},
	title = {{Bootstrap}},
	howpublished = {\url{http://getbootstrap.com/}},
	year = {2011},
	note = {Last accessed on 2017-09-28}
}

@misc{DublinCore,
	author = {},
	title = {{Dublin Core Metadata Element Set, Version 1.1: Reference Description}},
	howpublished = {\url{http://dublincore.org/documents/dces/}},
	year = {2012},
	note = {Last accessed on 2017-09-28}
}

@misc{GoogleEarth,
    author = {},
    title = {{Google Earth}},
    howpublished = {\url{http://www.google.com/earth/}},
    year = {2005},
    note = {Last accessed on 2013-09-25}
}

@misc{Navicat,
    author = {},
    title = {{Navicat}},
    howpublished = {\url{http://www.navicat.com/}},
    year = {2002},
    note = {Last accessed on 2014-07-23}
}

@misc{MySQLWorkbench,
    author = {},
    title = {{MySQL Workbench}},
    howpublished = {\url{http://mysqlworkbench.org/}},
    year = {2005},
    note = {Last accessed on 2014-07-23}
}

@misc{Toastr,
    author = {},
    title = {{Toastr - Simple javascript toast notifications}},
    howpublished = {\url{http://toastrjs.com}},
    year = {2012},
    note = {Last accessed on 2013-09-24}
}

@misc{Unicode,
    author = {},
    title = {{List of Unicode characters}},
    howpublished = {\url{http://en.wikipedia.org/wiki/List_of_Unicode_characters}},
    year = {2007},
    note = {Last accessed on 2013-09-23}
}

@misc{GWT,
    author = {},
    title = {{GWT}},
    howpublished = {\url{http://www.gwtproject.org/}},
    year = {2007},
    note = {Last accessed on 2013-10-09}
}

@misc{GWTPluralForms,
    author = {},
    title = {{I18n Plural Forms}},
    howpublished = {\url{http://www.gwtproject.org/doc/latest/DevGuideI18nPluralForms.html}},
    year = {},
    note = {Last accessed on 2013-09-23}
}

@misc{SeeD,
    author = {},
    title = {{Seeds of Discovery: Unlocking the genetic potential of maize and wheat}},
    howpublished = {\url{http://seedsofdiscovery.org/}},
    year = {2012},
    note = {Last accessed on 2014-06-26}
}

@misc{CIMMYT,
    author = {},
    title = {{CIMMYT: International Maize and Wheat Improvement Center}},
    howpublished = {\url{http://www.cimmyt.org/}},
    year = {},
    note = {Last accessed on 2014-06-26}
}

@misc{D3,
	author = {},
	title = {{D3.js - Data-Driven Documents}},
	howpublished = {\url{http://d3js.org/}},
	year = {2011},
	note = {Last accessed on 2014-09-15}
}

@misc{ResourceQualifiers,
	author = {},
	title = {{Android Resource Qualifiers}},
	howpublished = {\url{http://developer.android.com/guide/topics/resources/providing-resources.html#AlternativeResources}},
	year = {},
	note = {Last accessed on 2014-09-07}
}

@misc{JavaLocales,
    author = {},
    title = {{JDK 7 and JRE 7 Supported Locales}},
    howpublished = {\url{http://www.oracle.com/technetwork/java/javase/javase7locales-334809.html}},
    year = {},
    note = {Last accessed on 2013-09-20}
}

@misc{CookieLaw,
    author = {},
    title = {{The EU cookie law (e-Privacy Directive)}},
    howpublished = {\url{http://ico.org.uk/for_organisations/privacy_and_electronic_communications/the_guide/cookies}},
    year = {},
    note = {Last accessed on 2014-08-05}
}

@misc{GWTSecurity,
	author = {},
	title = {{GWT Security Documentation}},
	howpublished = {\url{http://www.gwtproject.org/doc/latest/DevGuideSecurity.html}},
	year = {},
	note = {Last accessed on 2014-08-18}
}

@article{Flapjack,
    author = {Milne, I. and Shaw, P. and Stephen, G. and Bayer, M. and Cardle, L. and Thomas, W. T. and Flavell, A. J. and Marshall, D.},
    journal = {Bioinformatics},
    number = {24},
    pages = {3133--3134},
    title = {Flapjack - graphical genotype visualization.},
    url = {http://dx.doi.org/10.1093/bioinformatics/btq580},
    volume = {26},
    year = {2010}
}