@misc{mcpd,
    author = {Alercia, A. and Diulgheroff, S. and Mackay, M.},
    title = {{FAO/Bioversity Multi-Crop Passport Descriptors V.2.1}},
    howpublished = {\url{https://www.bioversityinternational.org/e-library/publications/detail/faobioversity-multi-crop-passport-descriptors-v21-mcpd-v21/}},
    year = {2015},
    note = {Last accessed on 2017-09-15}
}

@article{flapjack,
	author = {Milne, I. and Shaw, P. and Stephen, G. and Bayer, M. and Cardle, L. and Thomas, W. T. B. and Flavell, A. J. and Marshall, D.},
	title = {Flapjackâ€”graphical genotype visualization},
	journal = {Bioinformatics},
	volume = {26},
	number = {24},
	pages = {3133-3134},
	year = {2010},
	doi = {10.1093/bioinformatics/btq580},
	URL = { + http://dx.doi.org/10.1093/bioinformatics/btq580},
	eprint = {/oup/backfile/content_public/journal/bioinformatics/26/24/10.1093/bioinformatics/btq580/2/btq580.pdf}
}